<?xml version="1.0" encoding="UTF-8"?><collection xmlns="http://www.loc.gov/MARC21/slim"><record><leader>00423nam--2200157-i-4500</leader><controlfield tag="001">000008165</controlfield><controlfield tag="002">20161230</controlfield><controlfield tag="005">20161230201027</controlfield><controlfield tag="008">060222s1000------------r-----000-0-eng-d</controlfield><datafield ind1=" " ind2=" " tag="040"><subfield code="a">IFIN-HH</subfield></datafield><datafield ind1=" " ind2=" " tag="100"><subfield code="a">Davis, Philip J</subfield></datafield><datafield ind1=" " ind2=" " tag="245"><subfield code="a">Interpolation and approximation</subfield></datafield><datafield ind1=" " ind2=" " tag="260"><subfield code="a">New York, Blaisdell Publ.Co., 1965</subfield></datafield><datafield ind1=" " ind2=" " tag="490"><subfield code="a">Introduction To Higher Mathematics</subfield></datafield><datafield ind1=" " ind2=" " tag="852"><subfield code="a">27273</subfield><subfield code="c">518.12</subfield></datafield><datafield ind1=" " ind2=" " tag="CAT"><subfield code="a">Sys</subfield><subfield code="c">20090701</subfield><subfield code="h">080500</subfield></datafield></record></collection>